
  <record xmlns="http://www.loc.gov/MARC21/slim" type="Bibliographic">
    <leader>00000nam a2200000uc 4500</leader>
    <controlfield tag="001">1215111738</controlfield>
    <controlfield tag="003">DE-101</controlfield>
    <controlfield tag="005">20200805042816.0</controlfield>
    <controlfield tag="007">cr||||||||||||</controlfield>
    <controlfield tag="008">200804s2018    gw |||||o|||| 00||||ger  </controlfield>
    <datafield tag="015" ind1=" " ind2=" ">
      <subfield code="a">20,O09</subfield>
      <subfield code="2">dnb</subfield>
    </datafield>
    <datafield tag="016" ind1="7" ind2=" ">
      <subfield code="2">DE-101</subfield>
      <subfield code="a">1215111738</subfield>
    </datafield>
    <datafield tag="020" ind1=" " ind2=" ">
      <subfield code="a">9783406734960</subfield>
      <subfield code="9">978-3-406-73496-0</subfield>
    </datafield>
    <datafield tag="024" ind1="3" ind2=" ">
      <subfield code="a">9783406734960</subfield>
    </datafield>
    <datafield tag="024" ind1="7" ind2=" ">
      <subfield code="2">urn</subfield>
      <subfield code="a">urn:nbn:de:101:1-2020080409340317691383</subfield>
    </datafield>
    <datafield tag="035" ind1=" " ind2=" ">
      <subfield code="a">(DE-599)DNB1215111738</subfield>
    </datafield>
    <datafield tag="040" ind1=" " ind2=" ">
      <subfield code="a">1240</subfield>
      <subfield code="b">ger</subfield>
      <subfield code="c">DE-101</subfield>
      <subfield code="d">0292</subfield>
    </datafield>
    <datafield tag="041" ind1=" " ind2=" ">
      <subfield code="a">ger</subfield>
    </datafield>
    <datafield tag="044" ind1=" " ind2=" ">
      <subfield code="c">XA-DE-BY</subfield>
    </datafield>
    <datafield tag="082" ind1="0" ind2="4">
      <subfield code="8">1\u</subfield>
      <subfield code="a">937.06</subfield>
      <subfield code="q">DE-101</subfield>
      <subfield code="2">23/ger</subfield>
    </datafield>
    <datafield tag="083" ind1="7" ind2=" ">
      <subfield code="8">2\p</subfield>
      <subfield code="a">930</subfield>
      <subfield code="q">DE-101</subfield>
      <subfield code="2">23sdnb</subfield>
    </datafield>
    <datafield tag="085" ind1=" " ind2=" ">
      <subfield code="8">1\u</subfield>
      <subfield code="b">937.06</subfield>
    </datafield>
    <datafield tag="100" ind1="1" ind2=" ">
      <subfield code="0">(DE-588)118833154</subfield>
      <subfield code="0">https://d-nb.info/gnd/118833154</subfield>
      <subfield code="0">(DE-101)118833154</subfield>
      <subfield code="a">Christ, Karl</subfield>
      <subfield code="d">1923-2008</subfield>
      <subfield code="e">Verfasser</subfield>
      <subfield code="4">aut</subfield>
      <subfield code="2">gnd</subfield>
    </datafield>
    <datafield tag="245" ind1="1" ind2="0">
      <subfield code="a">&#152;Die&#156; Römische Kaiserzeit</subfield>
      <subfield code="b">Von Augustus bis Diokletian</subfield>
      <subfield code="c">Karl Christ</subfield>
    </datafield>
    <datafield tag="250" ind1=" " ind2=" ">
      <subfield code="a">5. Auflage</subfield>
    </datafield>
    <datafield tag="259" ind1=" " ind2=" ">
      <subfield code="a">15</subfield>
    </datafield>
    <datafield tag="264" ind1=" " ind2="1">
      <subfield code="a">München</subfield>
      <subfield code="b">C.H.Beck</subfield>
      <subfield code="c">2018</subfield>
    </datafield>
    <datafield tag="300" ind1=" " ind2=" ">
      <subfield code="a">Online-Ressource, 128 Seiten</subfield>
      <subfield code="b">mit 7 Abbildungen und 3 Karten</subfield>
    </datafield>
    <datafield tag="336" ind1=" " ind2=" ">
      <subfield code="a">Text</subfield>
      <subfield code="b">txt</subfield>
      <subfield code="2">rdacontent</subfield>
    </datafield>
    <datafield tag="337" ind1=" " ind2=" ">
      <subfield code="a">Computermedien</subfield>
      <subfield code="b">c</subfield>
      <subfield code="2">rdamedia</subfield>
    </datafield>
    <datafield tag="338" ind1=" " ind2=" ">
      <subfield code="a">Online-Ressource</subfield>
      <subfield code="b">cr</subfield>
      <subfield code="2">rdacarrier</subfield>
    </datafield>
    <datafield tag="490" ind1="1" ind2=" ">
      <subfield code="a">Beck'sche Reihe</subfield>
      <subfield code="v">2155</subfield>
    </datafield>
    <datafield tag="583" ind1="1" ind2=" ">
      <subfield code="a">Archivierung/Langzeitarchivierung gewährleistet</subfield>
      <subfield code="5">DE-101</subfield>
      <subfield code="2">pdager</subfield>
    </datafield>
    <datafield tag="648" ind1=" " ind2="7">
      <subfield code="a">Geschichte 27 v. Chr.-284</subfield>
      <subfield code="2">gnd</subfield>
    </datafield>
    <datafield tag="651" ind1=" " ind2="7">
      <subfield code="0">(DE-588)4076778-4</subfield>
      <subfield code="0">https://d-nb.info/gnd/4076778-4</subfield>
      <subfield code="0">(DE-101)040767787</subfield>
      <subfield code="a">Römisches Reich</subfield>
      <subfield code="2">gnd</subfield>
    </datafield>
    <datafield tag="653" ind1=" " ind2=" ">
      <subfield code="a">(Produktform)Electronic book text</subfield>
    </datafield>
    <datafield tag="653" ind1=" " ind2=" ">
      <subfield code="a">Militär</subfield>
    </datafield>
    <datafield tag="653" ind1=" " ind2=" ">
      <subfield code="a">Diokletian</subfield>
    </datafield>
    <datafield tag="653" ind1=" " ind2=" ">
      <subfield code="a">Kaiserzeit</subfield>
    </datafield>
    <datafield tag="653" ind1=" " ind2=" ">
      <subfield code="a">römische Kaiserzeit</subfield>
    </datafield>
    <datafield tag="653" ind1=" " ind2=" ">
      <subfield code="a">(cdng:division)DF13: Monographie</subfield>
    </datafield>
    <datafield tag="653" ind1=" " ind2=" ">
      <subfield code="a">Politik</subfield>
    </datafield>
    <datafield tag="653" ind1=" " ind2=" ">
      <subfield code="a">Staat</subfield>
    </datafield>
    <datafield tag="653" ind1=" " ind2=" ">
      <subfield code="a">BeckLSW</subfield>
    </datafield>
    <datafield tag="653" ind1=" " ind2=" ">
      <subfield code="a">Kaiser</subfield>
    </datafield>
    <datafield tag="653" ind1=" " ind2=" ">
      <subfield code="a">Augustus</subfield>
    </datafield>
    <datafield tag="653" ind1=" " ind2=" ">
      <subfield code="a">Römisches Reich</subfield>
    </datafield>
    <datafield tag="653" ind1=" " ind2=" ">
      <subfield code="a">Senat</subfield>
    </datafield>
    <datafield tag="653" ind1=" " ind2=" ">
      <subfield code="a">Kaiserreich</subfield>
    </datafield>
    <datafield tag="653" ind1=" " ind2=" ">
      <subfield code="a">Antike</subfield>
    </datafield>
    <datafield tag="653" ind1=" " ind2=" ">
      <subfield code="a">(VLB-WN)9944: Vor- und Frühgeschichte, Antike</subfield>
    </datafield>
    <datafield tag="653" ind1=" " ind2=" ">
      <subfield code="a">(Produktrabattgruppe)07: BSR-Rabatt</subfield>
    </datafield>
    <datafield tag="689" ind1="0" ind2="0">
      <subfield code="0">(DE-588)4076778-4</subfield>
      <subfield code="0">https://d-nb.info/gnd/4076778-4</subfield>
      <subfield code="0">(DE-101)040767787</subfield>
      <subfield code="D">g</subfield>
      <subfield code="a">Römisches Reich</subfield>
    </datafield>
    <datafield tag="689" ind1="0" ind2="1">
      <subfield code="A">z</subfield>
      <subfield code="a">Geschichte 27 v. Chr.-284</subfield>
    </datafield>
    <datafield tag="689" ind1="0" ind2=" ">
      <subfield code="5">DE-101</subfield>
      <subfield code="5">DE-101</subfield>
    </datafield>
    <datafield tag="710" ind1="2" ind2=" ">
      <subfield code="0">(DE-588)1023902869</subfield>
      <subfield code="0">https://d-nb.info/gnd/1023902869</subfield>
      <subfield code="0">(DE-101)1023902869</subfield>
      <subfield code="a">Verlag C.H. Beck</subfield>
      <subfield code="e">Verlag</subfield>
      <subfield code="4">pbl</subfield>
    </datafield>
    <datafield tag="776" ind1="0" ind2="8">
      <subfield code="i">Erscheint auch als</subfield>
      <subfield code="n">Online-Ausgabe</subfield>
      <subfield code="z">9783406734960</subfield>
    </datafield>
    <datafield tag="776" ind1="0" ind2="8">
      <subfield code="i">Erscheint auch als</subfield>
      <subfield code="n">Druck-Ausgabe</subfield>
      <subfield code="a">Christ, Karl, 1923-2008</subfield>
      <subfield code="t">&#152;Die&#156; römische Kaiserzeit</subfield>
      <subfield code="d">München : Verlag C.H. Beck, 2018</subfield>
      <subfield code="h">127 Seiten, Illustrationen</subfield>
      <subfield code="w">(DE-101)1169996531</subfield>
      <subfield code="b">5., aktualisierte Auflage, Originalausgabe</subfield>
    </datafield>
    <datafield tag="830" ind1=" " ind2="0">
      <subfield code="a">Beck'sche Reihe</subfield>
      <subfield code="v">2155</subfield>
    </datafield>
    <datafield tag="850" ind1=" " ind2=" ">
      <subfield code="a">DE-101a</subfield>
      <subfield code="a">DE-101b</subfield>
    </datafield>
    <datafield tag="856" ind1="4" ind2="0">
      <subfield code="u">https://nbn-resolving.org/urn:nbn:de:101:1-2020080409340317691383</subfield>
      <subfield code="x">Resolving-System</subfield>
    </datafield>
    <datafield tag="856" ind1=" " ind2="0">
      <subfield code="u">https://d-nb.info/1215111738/34</subfield>
      <subfield code="x">Langzeitarchivierung Nationalbibliothek</subfield>
    </datafield>
    <datafield tag="856" ind1="4" ind2=" ">
      <subfield code="q">application/pdf</subfield>
      <subfield code="u">http://www.chbeck.de/</subfield>
      <subfield code="x">Verlag</subfield>
    </datafield>
    <datafield tag="883" ind1="1" ind2=" ">
      <subfield code="8">2\p</subfield>
      <subfield code="a">Übernahme aus paralleler Ausgabe</subfield>
      <subfield code="d">20200805</subfield>
      <subfield code="q">DE-101</subfield>
    </datafield>
    <datafield tag="925" ind1="r" ind2=" ">
      <subfield code="a">ro</subfield>
      <subfield code="a">ra</subfield>
    </datafield>
    <datafield tag="926" ind1="1" ind2=" ">
      <subfield code="a">NHDA</subfield>
      <subfield code="o">93</subfield>
      <subfield code="v">1.3</subfield>
      <subfield code="x">Europäische Geschichte: Römer</subfield>
    </datafield>
    <datafield tag="926" ind1="2" ind2=" ">
      <subfield code="a">NHC</subfield>
      <subfield code="o">93</subfield>
      <subfield code="v">1.3</subfield>
      <subfield code="x">Antike</subfield>
    </datafield>
  </record>