
<record type="Bibliographic">
	    <leader>00000nas a2200000 c 4500</leader>
	    <controlfield tag="001">01000002X</controlfield>
	    <controlfield tag="003">DE-101</controlfield>
	    <controlfield tag="005">20191115160123.0</controlfield>
	    <controlfield tag="007">tu</controlfield>
	    <controlfield tag="008">991118d19632008xx z||p|  ||| 0||||1ger c</controlfield>
	    <datafield tag="015" ind1=" " ind2=" ">
	      <subfield code="a">08,B23,0382</subfield>
	      <subfield code="2">dnb</subfield>
	    </datafield>
	    <datafield tag="016" ind1="7" ind2=" ">
	      <subfield code="2">DE-101</subfield>
	      <subfield code="a">01000002X</subfield>
	    </datafield>
	    <datafield tag="016" ind1="7" ind2=" ">
	      <subfield code="2">DE-600</subfield>
	      <subfield code="a">7-3</subfield>
	    </datafield>
	    <datafield tag="022" ind1=" " ind2=" ">
	      <subfield code="a">0375-2135</subfield>
	    </datafield>
	    <datafield tag="022" ind1=" " ind2=" ">
	      <subfield code="a">0375-2135</subfield>
	      <subfield code="2">6</subfield>
	    </datafield>
	    <datafield tag="030" ind1=" " ind2=" ">
	      <subfield code="a">SMTFB</subfield>
	    </datafield>
	    <datafield tag="035" ind1=" " ind2=" ">
	      <subfield code="a">(DE-599)ZDB7-3</subfield>
	    </datafield>
	    <datafield tag="035" ind1=" " ind2=" ">
	      <subfield code="a">(OCoLC)224540449</subfield>
	    </datafield>
	    <datafield tag="040" ind1=" " ind2=" ">
	      <subfield code="a">9001</subfield>
	      <subfield code="b">ger</subfield>
	      <subfield code="c">DE-101</subfield>
	      <subfield code="d">9999</subfield>
	    </datafield>
	    <datafield tag="041" ind1=" " ind2=" ">
	      <subfield code="a">ger</subfield>
	    </datafield>
	    <datafield tag="044" ind1=" " ind2=" ">
	      <subfield code="c">XA-DDDE</subfield>
	      <subfield code="c">XA-DE</subfield>
	    </datafield>
	    <datafield tag="082" ind1="7" ind2="4">
	      <subfield code="a">590</subfield>
	      <subfield code="a">B</subfield>
	      <subfield code="q">DE-101</subfield>
	      <subfield code="2">22sdnb</subfield>
	    </datafield>
	    <datafield tag="083" ind1="7" ind2=" ">
	      <subfield code="a">590</subfield>
	      <subfield code="q">DE-600</subfield>
	      <subfield code="2">22sdnb</subfield>
	    </datafield>
	    <datafield tag="084" ind1=" " ind2=" ">
	      <subfield code="a">12</subfield>
	      <subfield code="2">ssgn</subfield>
	    </datafield>
	    <datafield tag="084" ind1=" " ind2=" ">
	      <subfield code="a">BIODIV</subfield>
	      <subfield code="q">DE-30</subfield>
	      <subfield code="2">fid</subfield>
	    </datafield>
	    <datafield tag="210" ind1="0" ind2="0">
	      <subfield code="a">FAUN ABH (DRES)</subfield>
	    </datafield>
	    <datafield tag="222" ind1=" " ind2="0">
	      <subfield code="a">Faunistische Abhandlungen</subfield>
	    </datafield>
	    <datafield tag="245" ind1="0" ind2="0">
	      <subfield code="a">Faunistische Abhandlungen</subfield>
	      <subfield code="c">Publ.: Museum für Tierkunde Dresden, Staatliche Naturhistorische Sammlungen Dresden</subfield>
	    </datafield>
	    <datafield tag="264" ind1="3" ind2="1">
	      <subfield code="a">Dresden</subfield>
	      <subfield code="b">Museum für Tierkunde</subfield>
	      <subfield code="c">1963-2008</subfield>
	    </datafield>
	    <datafield tag="264" ind1="2" ind2="1">
	      <subfield code="a">Leipzig</subfield>
	      <subfield code="b">Geest &amp; Portig</subfield>
	      <subfield code="c">anfangs</subfield>
	    </datafield>
	    <datafield tag="300" ind1=" " ind2=" ">
	      <subfield code="c">24 cm</subfield>
	    </datafield>
	    <datafield tag="336" ind1=" " ind2=" ">
	      <subfield code="a">Text</subfield>
	      <subfield code="b">txt</subfield>
	      <subfield code="2">rdacontent</subfield>
	    </datafield>
	    <datafield tag="337" ind1=" " ind2=" ">
	      <subfield code="a">ohne Hilfsmittel zu benutzen</subfield>
	      <subfield code="b">n</subfield>
	      <subfield code="2">rdamedia</subfield>
	    </datafield>
	    <datafield tag="338" ind1=" " ind2=" ">
	      <subfield code="a">Band</subfield>
	      <subfield code="b">nc</subfield>
	      <subfield code="2">rdacarrier</subfield>
	    </datafield>
	    <datafield tag="362" ind1="0" ind2=" ">
	      <subfield code="a">1.1963/66 - 26.2008; damit Ersch. eingest.</subfield>
	    </datafield>
	    <datafield tag="363" ind1="0" ind2="0">
	      <subfield code="8">1.1\x</subfield>
	      <subfield code="i">1963/66</subfield>
	    </datafield>
	    <datafield tag="363" ind1="1" ind2="0">
	      <subfield code="8">1.2\x</subfield>
	      <subfield code="i">2008</subfield>
	    </datafield>
	    <datafield tag="515" ind1=" " ind2=" ">
	      <subfield code="a">Ersch. unregelmäßig</subfield>
	    </datafield>
	    <datafield tag="591" ind1=" " ind2=" ">
	      <subfield code="a">84!(22-02-08)</subfield>
	    </datafield>
	    <datafield tag="610" ind1="2" ind2="7">
	      <subfield code="0">(DE-588)16022605-3</subfield>
	      <subfield code="0">https://d-nb.info/gnd/16022605-3</subfield>
	      <subfield code="0">(DE-101)996989544</subfield>
	      <subfield code="a">Museum für Tierkunde Dresden</subfield>
	      <subfield code="2">gnd</subfield>
	    </datafield>
	    <datafield tag="650" ind1=" " ind2="7">
	      <subfield code="a">Zoologie</subfield>
	      <subfield code="2">local</subfield>
	    </datafield>
	    <datafield tag="655" ind1=" " ind2="7">
	      <subfield code="0">(DE-588)4067488-5</subfield>
	      <subfield code="0">https://d-nb.info/gnd/4067488-5</subfield>
	      <subfield code="0">(DE-101)040674886</subfield>
	      <subfield code="a">Zeitschrift</subfield>
	      <subfield code="2">gnd-content</subfield>
	    </datafield>
	    <datafield tag="655" ind1=" " ind2="7">
	      <subfield code="a">Zeitschrift</subfield>
	      <subfield code="2">gnd</subfield>
	    </datafield>
	    <datafield tag="689" ind1="0" ind2="0">
	      <subfield code="0">(DE-588)16022605-3</subfield>
	      <subfield code="0">https://d-nb.info/gnd/16022605-3</subfield>
	      <subfield code="0">(DE-101)996989544</subfield>
	      <subfield code="D">b</subfield>
	      <subfield code="a">Museum für Tierkunde Dresden</subfield>
	    </datafield>
	    <datafield tag="689" ind1="0" ind2="1">
	      <subfield code="A">f</subfield>
	      <subfield code="a">Zeitschrift</subfield>
	    </datafield>
	    <datafield tag="689" ind1="0" ind2=" ">
	      <subfield code="5">DE-600</subfield>
	      <subfield code="5">DE-600</subfield>
	    </datafield>
	    <datafield tag="710" ind1="2" ind2=" ">
	      <subfield code="0">(DE-588)35521-5</subfield>
	      <subfield code="0">https://d-nb.info/gnd/35521-5</subfield>
	      <subfield code="0">(DE-101)000355216</subfield>
	      <subfield code="a">Staatliches Museum für Tierkunde Dresden</subfield>
	      <subfield code="e">Herausgebendes Organ</subfield>
	      <subfield code="4">isb</subfield>
	    </datafield>
	    <datafield tag="776" ind1="0" ind2="8">
	      <subfield code="i">Online-Ausg.</subfield>
	      <subfield code="t">Faunistische Abhandlungen</subfield>
	      <subfield code="d">Dresden : Museum, 2004-2007</subfield>
	      <subfield code="h">Online-Ressource</subfield>
	      <subfield code="x">0375-2135</subfield>
	      <subfield code="w">(DE-600)2233959-0</subfield>
	      <subfield code="w">(DE-101)979605725</subfield>
	    </datafield>
	    <datafield tag="780" ind1="0" ind2="0">
	      <subfield code="i">Vorg.:</subfield>
	      <subfield code="a">Staatliches Museum für Tierkunde Dresden</subfield>
	      <subfield code="t">Abhandlungen und Berichte aus dem Staatlichen Museum für Tierkunde in Dresden</subfield>
	      <subfield code="d">Leipzig : Geest &amp; Portig [in Komm.], 1957-1960</subfield>
	      <subfield code="x">0138-4147</subfield>
	      <subfield code="w">(DE-600)6068-9</subfield>
	      <subfield code="w">(DE-101)010081739</subfield>
	    </datafield>
	    <datafield tag="850" ind1=" " ind2=" ">
	      <subfield code="a">DE-101a</subfield>
	      <subfield code="a">DE-101b</subfield>
	    </datafield>
	    <datafield tag="889" ind1=" " ind2=" ">
	      <subfield code="w">(DE-101)550147969</subfield>
	    </datafield>
	    <datafield tag="925" ind1="r" ind2=" ">
	      <subfield code="a">rb</subfield>
	    </datafield>
	</record>