

  <record type="Bibliographic">
	    <leader>00000nas a2200000 c 4500</leader>
	    <controlfield tag="001">1204595895</controlfield>
	    <controlfield tag="003">DE-101</controlfield>
	    <controlfield tag="005">20200213141551.0</controlfield>
	    <controlfield tag="007">tu</controlfield>
	    <controlfield tag="008">200213c20189999gw z||m|  ||| 0||||1ger c</controlfield>
	    <datafield tag="016" ind1="7" ind2=" ">
	      <subfield code="2">DE-101</subfield>
	      <subfield code="a">1204595895</subfield>
	    </datafield>
	    <datafield tag="016" ind1="7" ind2=" ">
	      <subfield code="2">DE-600</subfield>
	      <subfield code="a">3008380-1</subfield>
	    </datafield>
	    <datafield tag="022" ind1=" " ind2=" ">
	      <subfield code="a">2699-7665</subfield>
	      <subfield code="2">6</subfield>
	    </datafield>
	    <datafield tag="035" ind1=" " ind2=" ">
	      <subfield code="a">(DE-599)ZDB3008380-1</subfield>
	    </datafield>
	    <datafield tag="040" ind1=" " ind2=" ">
	      <subfield code="a">1240</subfield>
	      <subfield code="b">ger</subfield>
	      <subfield code="c">DE-101</subfield>
	      <subfield code="d">1240</subfield>
	      <subfield code="e">rda</subfield>
	    </datafield>
	    <datafield tag="041" ind1=" " ind2=" ">
	      <subfield code="a">ger</subfield>
	    </datafield>
	    <datafield tag="044" ind1=" " ind2=" ">
	      <subfield code="c">XA-DE</subfield>
	    </datafield>
	    <datafield tag="082" ind1="7" ind2="4">
	      <subfield code="a">770</subfield>
	      <subfield code="q">DE-101</subfield>
	      <subfield code="2">23sdnb</subfield>
	    </datafield>
	    <datafield tag="083" ind1="7" ind2=" ">
	      <subfield code="a">770</subfield>
	      <subfield code="q">DE-600</subfield>
	      <subfield code="2">23sdnb</subfield>
	    </datafield>
	    <datafield tag="222" ind1=" " ind2="0">
	      <subfield code="a">Regensburger Stadtfotografen</subfield>
	    </datafield>
	    <datafield tag="245" ind1="0" ind2="0">
	      <subfield code="a">Regensburger Stadtfotografen</subfield>
	    </datafield>
	    <datafield tag="264" ind1="3" ind2="1">
	      <subfield code="a">Regensburg</subfield>
	      <subfield code="b">Morsbach Verlag</subfield>
	      <subfield code="c">[2018]-</subfield>
	    </datafield>
	    <datafield tag="300" ind1=" " ind2=" ">
	      <subfield code="a">Bände</subfield>
	      <subfield code="c">19 x 28 cm</subfield>
	    </datafield>
	    <datafield tag="336" ind1=" " ind2=" ">
	      <subfield code="a">Text</subfield>
	      <subfield code="b">txt</subfield>
	      <subfield code="2">rdacontent</subfield>
	    </datafield>
	    <datafield tag="337" ind1=" " ind2=" ">
	      <subfield code="a">ohne Hilfsmittel zu benutzen</subfield>
	      <subfield code="b">n</subfield>
	      <subfield code="2">rdamedia</subfield>
	    </datafield>
	    <datafield tag="338" ind1=" " ind2=" ">
	      <subfield code="a">Band</subfield>
	      <subfield code="b">nc</subfield>
	      <subfield code="2">rdacarrier</subfield>
	    </datafield>
	    <datafield tag="362" ind1="0" ind2=" ">
	      <subfield code="a">1-</subfield>
	    </datafield>
	    <datafield tag="363" ind1="0" ind2="1">
	      <subfield code="8">1.1\x</subfield>
	      <subfield code="a">1</subfield>
	      <subfield code="i">2018</subfield>
	    </datafield>
	    <datafield tag="655" ind1=" " ind2="7">
	      <subfield code="0">(DE-588)4179998-7</subfield>
	      <subfield code="0">https://d-nb.info/gnd/4179998-7</subfield>
	      <subfield code="0">(DE-101)041799984</subfield>
	      <subfield code="a">Monografische Reihe</subfield>
	      <subfield code="2">gnd-content</subfield>
	    </datafield>
	    <datafield tag="850" ind1=" " ind2=" ">
	      <subfield code="a">DE-101b</subfield>
	    </datafield>
	    <datafield tag="925" ind1="r" ind2=" ">
	      <subfield code="a">ra</subfield>
	    </datafield>
	    <datafield tag="925" ind1="w" ind2=" ">
	      <subfield code="a">b</subfield>
	    </datafield>
	</record>