

  <record type="Bibliographic">
	  <leader>00000nam a2200000 ca4500</leader>
	  <controlfield tag="001">1204592047</controlfield>
	  <controlfield tag="003">DE-101</controlfield>
	  <controlfield tag="005">20200213130530.0</controlfield>
	  <controlfield tag="007">tu</controlfield>
	  <controlfield tag="008">200213m20192019au ||||| |||| 00||||ger  </controlfield>
	  <datafield tag="016" ind1="7" ind2=" ">
	    <subfield code="2">DE-101</subfield>
	    <subfield code="a">1204592047</subfield>
	  </datafield>
	  <datafield tag="020" ind1=" " ind2=" ">
	    <subfield code="a">9783901644764</subfield>
	    <subfield code="c">Broschur</subfield>
	    <subfield code="9">978-3-901644-76-4</subfield>
	  </datafield>
	  <datafield tag="035" ind1=" " ind2=" ">
	    <subfield code="a">(DE-599)DNB1204592047</subfield>
	  </datafield>
	  <datafield tag="035" ind1=" " ind2=" ">
	    <subfield code="a">(OCoLC)1138547129</subfield>
	  </datafield>
	  <datafield tag="040" ind1=" " ind2=" ">
	    <subfield code="a">1140</subfield>
	    <subfield code="b">ger</subfield>
	    <subfield code="c">DE-101</subfield>
	    <subfield code="d">1140</subfield>
	    <subfield code="e">rda</subfield>
	  </datafield>
	  <datafield tag="041" ind1=" " ind2=" ">
	    <subfield code="a">ger</subfield>
	    <subfield code="h">fre</subfield>
	  </datafield>
	  <datafield tag="044" ind1=" " ind2=" ">
	    <subfield code="c">XA-AT</subfield>
	  </datafield>
	  <datafield tag="082" ind1="7" ind2="4">
	    <subfield code="a">770</subfield>
	    <subfield code="q">DE-101</subfield>
	    <subfield code="2">23sdnb</subfield>
	  </datafield>
	  <datafield tag="130" ind1="0" ind2=" ">
	    <subfield code="a">Guy Debord - œuvres cinématographiques complètes</subfield>
	  </datafield>
	  <datafield tag="245" ind1="1" ind2="0">
	    <subfield code="a">Guy Debord - das filmische Gesamtwerk</subfield>
	    <subfield code="c">Österreichisches Filmmuseum</subfield>
	  </datafield>
	  <datafield tag="264" ind1=" " ind2="1">
	    <subfield code="a">Wien</subfield>
	    <subfield code="b">SYNEMA - Gesellschaft für Film und Medien</subfield>
	    <subfield code="c">[2019]</subfield>
	  </datafield>
	  <datafield tag="300" ind1=" " ind2=" ">
	    <subfield code="a">2 Bände</subfield>
	    <subfield code="c">20 cm, 750 g</subfield>
	  </datafield>
	  <datafield tag="336" ind1=" " ind2=" ">
	    <subfield code="a">Text</subfield>
	    <subfield code="b">txt</subfield>
	    <subfield code="2">rdacontent</subfield>
	  </datafield>
	  <datafield tag="337" ind1=" " ind2=" ">
	    <subfield code="a">ohne Hilfsmittel zu benutzen</subfield>
	    <subfield code="b">n</subfield>
	    <subfield code="2">rdamedia</subfield>
	  </datafield>
	  <datafield tag="338" ind1=" " ind2=" ">
	    <subfield code="a">Band</subfield>
	    <subfield code="b">nc</subfield>
	    <subfield code="2">rdacarrier</subfield>
	  </datafield>
	  <datafield tag="490" ind1="1" ind2=" ">
	    <subfield code="a">Filmmuseum-Synema-Publikationen</subfield>
	    <subfield code="v">Band 33</subfield>
	  </datafield>
	  <datafield tag="653" ind1=" " ind2=" ">
	    <subfield code="a">(Produktform)Book</subfield>
	  </datafield>
	  <datafield tag="653" ind1=" " ind2=" ">
	    <subfield code="a">Avantgardefilm</subfield>
	  </datafield>
	  <datafield tag="653" ind1=" " ind2=" ">
	    <subfield code="a">Die Gesellschaft des Spektakels</subfield>
	  </datafield>
	  <datafield tag="653" ind1=" " ind2=" ">
	    <subfield code="a">Experimentalfilm</subfield>
	  </datafield>
	  <datafield tag="653" ind1=" " ind2=" ">
	    <subfield code="a">Geheul für Sade</subfield>
	  </datafield>
	  <datafield tag="653" ind1=" " ind2=" ">
	    <subfield code="a">Kritik der Trennung</subfield>
	  </datafield>
	  <datafield tag="653" ind1=" " ind2=" ">
	    <subfield code="a">Kritik des Kapitalismus</subfield>
	  </datafield>
	  <datafield tag="653" ind1=" " ind2=" ">
	    <subfield code="a">Lettristen</subfield>
	  </datafield>
	  <datafield tag="653" ind1=" " ind2=" ">
	    <subfield code="a">Mai 1968</subfield>
	  </datafield>
	  <datafield tag="653" ind1=" " ind2=" ">
	    <subfield code="a">Neue Linke</subfield>
	  </datafield>
	  <datafield tag="653" ind1=" " ind2=" ">
	    <subfield code="a">Radikale Filme</subfield>
	  </datafield>
	  <datafield tag="653" ind1=" " ind2=" ">
	    <subfield code="a">Situationisten</subfield>
	  </datafield>
	  <datafield tag="653" ind1=" " ind2=" ">
	    <subfield code="a">Situationistische Internationale</subfield>
	  </datafield>
	  <datafield tag="653" ind1=" " ind2=" ">
	    <subfield code="a">(VLB-WN)1587: Hardcover, Softcover / Kunst/Fotografie, Film, Video, TV</subfield>
	  </datafield>
	  <datafield tag="700" ind1="1" ind2=" ">
	    <subfield code="0">(DE-588)119215365</subfield>
	    <subfield code="0">https://d-nb.info/gnd/119215365</subfield>
	    <subfield code="0">(DE-101)119215365</subfield>
	    <subfield code="a">Debord, Guy</subfield>
	    <subfield code="d">1931-1994</subfield>
	    <subfield code="e">Verfasser</subfield>
	    <subfield code="4">aut</subfield>
	    <subfield code="2">gnd</subfield>
	  </datafield>
	  <datafield tag="810" ind1="2" ind2=" ">
	    <subfield code="a">Österreichisches Filmmuseum</subfield>
	    <subfield code="4">aut</subfield>
	    <subfield code="t">Filmmuseum-Synema-Publikationen</subfield>
	    <subfield code="v">Band 33</subfield>
	    <subfield code="w">(DE-101)976490099</subfield>
	    <subfield code="w">(DE-600)2204392-5</subfield>
	    <subfield code="9">233</subfield>
	    <subfield code="7">as</subfield>
	  </datafield>
	  <datafield tag="926" ind1="1" ind2=" ">
	    <subfield code="a">ATFD</subfield>
	    <subfield code="o">93</subfield>
	    <subfield code="q">Publisher</subfield>
	    <subfield code="v">1.2</subfield>
	    <subfield code="x">Film: Drehbücher</subfield>
	  </datafield>
	</record>